<record><leader>00000cas a2200000 a 4500</leader><controlfield tag="001">23288796</controlfield><controlfield tag="008">910323d19891994fluwr ne      0    0eng c</controlfield><datafield ind1=" " ind2=" " tag="010"><subfield code="a">sn 91065006 </subfield></datafield><datafield ind1=" " ind2=" " tag="040"><subfield code="a">YOX</subfield><subfield code="b">eng</subfield><subfield code="c">YOX</subfield><subfield code="d">HUL</subfield><subfield code="d">YOX</subfield><subfield code="d">MGN</subfield><subfield code="d">FUG</subfield><subfield code="d">OCLCQ</subfield><subfield code="d">OCLCF</subfield><subfield code="d">OCLCO</subfield></datafield><datafield ind1=" " ind2=" " tag="012"><subfield code="i">9604</subfield></datafield><datafield ind1="1" ind2=" " tag="029"><subfield code="a">AU@</subfield><subfield code="b">000025900737</subfield></datafield><datafield ind1=" " ind2=" " tag="042"><subfield code="a">pcc</subfield></datafield><datafield ind1=" " ind2=" " tag="043"><subfield code="a">n-us-fl</subfield></datafield><datafield ind1="0" ind2=" " tag="130"><subfield code="a">Palm Beach Jewish world (West Palm Beach, Fla. : 1989)</subfield></datafield><datafield ind1="1" ind2="0" tag="245"><subfield code="a">Palm Beach Jewish world.</subfield></datafield><datafield ind1="3" ind2="0" tag="246"><subfield code="a">Jewish world</subfield></datafield><datafield ind1=" " ind2=" " tag="260"><subfield code="a">West Palm Beach, Fla. :</subfield><subfield code="b">J.W. Publications</subfield></datafield><datafield ind1=" " ind2=" " tag="300"><subfield code="a">v. :</subfield><subfield code="b">ill.</subfield></datafield><datafield ind1=" " ind2=" " tag="310"><subfield code="a">Weekly</subfield></datafield><datafield ind1="1" ind2=" " tag="362"><subfield code="a">Began in Oct. 1989; ceased in 1994.</subfield></datafield><datafield ind1=" " ind2=" " tag="500"><subfield code="a">Published by Jewish Media Group, Inc., &lt;1992&gt;.</subfield></datafield><datafield ind1=" " ind2=" " tag="530"><subfield code="a">Also issued on microfilm from the University of Florida.</subfield></datafield><datafield ind1=" " ind2=" " tag="580"><subfield code="a">Merged with: Broward Jewish world, and: Miami Jewish tribune, to form: South Florida Jewish tribune (Miami, Fla. : Palm Beach ed.).</subfield></datafield><datafield ind1=" " ind2=" " tag="588"><subfield code="a">Description based on: Vol. 8, no. 40 (Oct. 13-19, 1989).</subfield></datafield><datafield ind1=" " ind2=" " tag="588"><subfield code="a">Latest issue consulted: Vol. 11, no. 27 (July 3, 1992).</subfield></datafield><datafield ind1=" " ind2="0" tag="650"><subfield code="a">Jewish newspapers</subfield><subfield code="z">Florida.</subfield></datafield><datafield ind1=" " ind2="0" tag="651"><subfield code="a">West Palm Beach (Fla.)</subfield><subfield code="v">Newspapers.</subfield></datafield><datafield ind1=" " ind2="0" tag="651"><subfield code="a">Palm Beach County (Fla.)</subfield><subfield code="v">Newspapers.</subfield></datafield><datafield ind1=" " ind2="7" tag="655"><subfield code="a">Newspapers.</subfield><subfield code="2">fast</subfield><subfield code="0">(OCoLC)fst01423814</subfield></datafield><datafield ind1=" " ind2="7" tag="650"><subfield code="a">Jewish newspapers.</subfield><subfield code="2">fast</subfield><subfield code="0">(OCoLC)fst00982872</subfield></datafield><datafield ind1=" " ind2="7" tag="651"><subfield code="a">Florida.</subfield><subfield code="2">fast</subfield><subfield code="0">(OCoLC)fst01205150</subfield></datafield><datafield ind1=" " ind2="7" tag="651"><subfield code="a">Florida</subfield><subfield code="z">Palm Beach County.</subfield><subfield code="2">fast</subfield><subfield code="0">(OCoLC)fst01205639</subfield></datafield><datafield ind1=" " ind2="7" tag="651"><subfield code="a">Florida</subfield><subfield code="z">West Palm Beach.</subfield><subfield code="2">fast</subfield><subfield code="0">(OCoLC)fst01202776</subfield></datafield><datafield ind1=" " ind2=" " tag="752"><subfield code="a">United States</subfield><subfield code="b">Florida</subfield><subfield code="c">Palm Beach</subfield><subfield code="d">West Palm Beach.</subfield></datafield><datafield ind1="1" ind2=" " tag="776"><subfield code="c">Microfilm</subfield><subfield code="d">George A. Smathers Libraries, University of Florida</subfield><subfield code="w">(DLC)sn 96027665</subfield><subfield code="w">(OCoLC)35316816</subfield></datafield><datafield ind1="0" ind2="0" tag="780"><subfield code="t">Jewish world (West Palm Beach, Fla.)</subfield><subfield code="w">(DLC)sn 91065005</subfield><subfield code="w">(OCoLC)23288791</subfield></datafield><datafield ind1="1" ind2="7" tag="785"><subfield code="t">Broward Jewish world</subfield><subfield code="w">(DLC)sn 95068810</subfield><subfield code="w">(OCoLC)32595579</subfield></datafield><datafield ind1="1" ind2="7" tag="785"><subfield code="t">Miami Jewish tribune</subfield><subfield code="x">0891-6659</subfield><subfield code="w">(DLC)sn 86010622</subfield><subfield code="w">(OCoLC)14947978</subfield></datafield><datafield ind1="1" ind2="7" tag="785"><subfield code="t">South Florida Jewish tribune (Miami, Fla. : Palm Beach ed.)</subfield></datafield><datafield ind1=" " ind2=" " tag="850"><subfield code="a">FU</subfield><subfield code="a">MH</subfield></datafield></record>